@misc{soch2024statproofbook,
	author       = {Soch, Joram and others},
	title        = {StatProofBook/StatProofBook.github.io: The Book of Statistical Proofs (Version 2023)},
	year         = {2024},
	howpublished = {Zenodo},
	doi          = {10.5281/zenodo.4305949},
	url          = {https://doi.org/10.5281/zenodo.4305949}
}
